<record><leader>00000cas a2200000 a 4500</leader><controlfield tag="001">18175431</controlfield><controlfield tag="008">880706d19241945nyuwr ne      0    0eng c</controlfield><datafield ind1=" " ind2=" " tag="010"><subfield code="a">sn 88074580 </subfield></datafield><datafield ind1=" " ind2=" " tag="040"><subfield code="a">NYS</subfield><subfield code="b">eng</subfield><subfield code="c">NYS</subfield><subfield code="d">NYG</subfield><subfield code="d">OCLCQ</subfield><subfield code="d">OCLCF</subfield><subfield code="d">OCLCO</subfield></datafield><datafield ind1=" " ind2=" " tag="042"><subfield code="a">pcc</subfield></datafield><datafield ind1=" " ind2=" " tag="043"><subfield code="a">n-us-ny</subfield></datafield><datafield ind1="0" ind2=" " tag="130"><subfield code="a">Schoharie Republican (Schoharie, N.Y. : 1924)</subfield></datafield><datafield ind1="1" ind2="4" tag="245"><subfield code="a">The Schoharie Republican.</subfield></datafield><datafield ind1="3" ind2="0" tag="246"><subfield code="a">Schoharie Republican and county Democrat</subfield></datafield><datafield ind1=" " ind2=" " tag="260"><subfield code="a">Schoharie, N.Y. :</subfield><subfield code="b">Schoharie Pub. Co.</subfield></datafield><datafield ind1=" " ind2=" " tag="300"><subfield code="a">v.</subfield></datafield><datafield ind1=" " ind2=" " tag="310"><subfield code="a">Weekly</subfield></datafield><datafield ind1="0" ind2=" " tag="362"><subfield code="a">Vol. 105, no. 43 (Oct. 23, 1924)-v. 126, no. 14 (Apr. 5, 1945).</subfield></datafield><datafield ind1=" " ind2=" " tag="500"><subfield code="a">Publishers: Schoharie Pub. Co., 1924-&lt;1934&gt;; Mrs. J.H. and L.R. Mann, &lt;1935&gt;; L.R. Mann, &lt;1940-1942&gt;.</subfield></datafield><datafield ind1=" " ind2=" " tag="500"><subfield code="a">"Schoharie County's oldest newspaper."</subfield></datafield><datafield ind1=" " ind2="0" tag="651"><subfield code="a">Schoharie (N.Y.)</subfield><subfield code="v">Newspapers.</subfield></datafield><datafield ind1=" " ind2="0" tag="651"><subfield code="a">Schoharie County (N.Y.)</subfield><subfield code="v">Newspapers.</subfield></datafield><datafield ind1=" " ind2="7" tag="655"><subfield code="a">Newspapers.</subfield><subfield code="2">fast</subfield><subfield code="0">(OCoLC)fst01423814</subfield></datafield><datafield ind1=" " ind2="7" tag="651"><subfield code="a">New York (State)</subfield><subfield code="z">Schoharie.</subfield><subfield code="2">fast</subfield><subfield code="0">(OCoLC)fst01270746</subfield></datafield><datafield ind1=" " ind2="7" tag="651"><subfield code="a">New York (State)</subfield><subfield code="z">Schoharie County.</subfield><subfield code="2">fast</subfield><subfield code="0">(OCoLC)fst01211828</subfield></datafield><datafield ind1=" " ind2=" " tag="752"><subfield code="a">United States</subfield><subfield code="b">New York</subfield><subfield code="c">Schoharie</subfield><subfield code="d">Schoharie.</subfield></datafield><datafield ind1="0" ind2="0" tag="780"><subfield code="t">Schoharie Republican and county Democrat</subfield><subfield code="w">(DLC)sn 88074579</subfield><subfield code="w">(OCoLC)18175317</subfield></datafield><datafield ind1="0" ind2="7" tag="785"><subfield code="t">Cobleskill index</subfield><subfield code="w">(DLC)sn 83031265</subfield></datafield><datafield ind1="0" ind2="7" tag="785"><subfield code="t">Cobleskill index, the Schoharie Republican</subfield><subfield code="w">(DLC)sn 88075662</subfield></datafield></record>